@Book{BOOK:1,
author = {PATTERSON, David; HENNESSY, John},
title = {Computer Organization and Design},
publisher = {Morgan Kaufman}, 
year = {1998},
address = {San Francisco},
edition = {},
isbn = {1-55860-428-6}
}

@Book{BOOK:2,
author = {MCGRAW-HILL},
title = {Encyclopedia of Electronics and Computers},
publisher = {McGraw-Hill},
year = {1987},
address = {New York},
edition = {2},
isbn = {0-07-045499-X}
}

@BachelorThesis{BT:1,
author = {Bohumil DVOØÁK},
title = {Rozvoj výpoèetní techniky a jeho sociální aspekty},
school = {Univerzita Tomá¹e Bati ve Zlínì},
year = {2010},
type = {Institut mezioborových studií},
address = {Zlín},
note = {Vedoucí diplomové práce Ing. Antonín Øehoø, CSc}
}

@BachelorThesis{BT:2,
author = {Marek PASTRÒÁK},
title = {U¾ití moderní výpoèetní techniky ve výuce a uèení},
school = {Ostravská Univerzita v Ostravì},
year = {2010},
type = {Pedagogická Fakulta},
address = {Ostrava},
note = {Vedoucí diplomové práce Doc. Ing. Ladislav Rudolf, Ph.D.}
}

@Article{ART:1,
author = {J. KAPOUN},
title = {Charles Babbage a jeho zázraèné stroje},
journal = {Internet},
year = {2000},
volume = {41},
number = {1},
OPTnote = {},
issn = { 1211-6351}
}

@Article{ART:2,
author = {J. GRUSKA},
title = {Velikáni poèítaèovej historie},
journal = {Vesmír 8},
year = {1986},
volume = {},
number = {},
OPTnote = {},
issn = {0042-4544}
}

@Article{ART:3,
author = {},
title = {Osobnosti IT},
journal = {Computer},
year = {2002},
volume = {},
number = {},
OPTnote = {},
issn = {1210-8790}
}

@Misc{WEB:1,
author = {Miroslav VIRIUS},
title = {\upshape Historie poèítaèù I. Od antiky po Johna von Neumanna. In},
subtitle = {rozhlas.cz},
year = {2012},
howpublished = {ONLINE},
cited = {2014-04-20},
note = {Dostupné z: \url{http://www.rozhlas.cz/planetarium/historie/_zprava/historie-pocitacu-i-od-antiky-po-johna-von-neumanna--1013406}}
}

@Misc{WEB:2,
author = {Ondøej BITTO},
title = {\upshape Dìrné ¹títky a pradìdeèek robota Karla. In},
subtitle = {zive.cz},
year = {2006},
howpublished = {ONLINE},
cited = {2014-04-20},
note = {Dostupné z: \url{http://www.zive.cz/Clanky/Derne-stitky-a-pradedecek-robota-Karla/sc-3-a-129417/default.aspx}}
}

@Misc{WEB:3,
author = {Tomá¹ FROLKA},
title = {\upshape Historie poèítaèù. In},
subtitle = {Mechanické kalkulátory},
year = {2013},
howpublished = {ONLINE},
cited = {2014-04-20},
note = {Dostupné z: \url{https://akela.mendelu.cz/~xfrolka/mechanicke_kal.html/}}
}
